@article{Sanjiv,
	title = "Regular Expressions",
	author = "Sanjiv K. Bhatia",
}

@article{Bioperl,
	title = "Regular Expressions",
	author = "Bioperl I and Jason Stajich and Perl Intro and Other General Perl Modules and Perl Bioinformatics and Perl Intro Slide and Perl Intro",
	year = 2011,
}

@article{RegEx_Basics,
	title = {Regular Expression 1) Regular Expression Basics},
}

@article{RegEx_Usage,
	title={REGULAR EXPRESSION USAGE},
	author={Bj√∏rn Bugge Grathwohl and Ulrik Terp Rasmussen and Fritz Henglein and T Jk and T Jk and T Jak a and T Jeek and T Jek and T Jek and T Je and Ek T Jek and T Jek},
}

@article{RegEx_Implementation,
	title={Regular Expressions},
	author={Regular Expression},
	year={1995},
}